%Artigo que fala sobre as mudanças de temperatura na Terra
@article{hansen2006global,
  title={Global temperature change},
  author={Hansen, James and Sato, Makiko and Ruedy, Reto and Lo, Ken and Lea, David W and Medina-Elizade, Martin},
  journal={Proceedings of the National Academy of Sciences},
  volume={103},
  number={39},
  pages={14288--14293},
  year={2006},
  publisher={National Acad Sciences}
}

%Artigo que trata fala sobre dados da água doce do mundo
@article{pinto2015crise,
  title={Crise nas {\'a}guas},
  author={Pinto Coelho, R and Havens, K},
  journal={Educa{\c{c}}{\~a}o, ci{\^e}ncia e governan{\c{c}}a, juntas, evitando conflitos gerados por escassez e perda de qualidade das {\'a}guas}, publisher={Editora Recóleo},
  address={Belo Horizonte -- MG},
  pages={103--109},
  year={2015}
}

%Artigo que trata do aumento do nível do mar
@article{rietbroek2016revisiting,
  title={Revisiting the contemporary sea-level budget on global and regional scales},
  author={Rietbroek, Roelof and Brunnabend, Sandra-Esther and Kusche, J{\"u}rgen and Schr{\"o}ter, Jens and Dahle, Christoph},
  journal={Proceedings of the National Academy of Sciences},
  volume={113},
  number={6},
  pages={1504--1509},
  year={2016},
  publisher={National Academy Sciences}
}

%Livro que usei para definir o termo 'calvin'
@book{benn2014glaciers,
  title={Glaciers and glaciation},
  author={Benn, Douglas and Evans, David JA},
  year={2014},
  edition={2ª},
  publisher={Routledge}
}

%Livro que trata sobre o aquecimento global
@book{pachauri2014climate,
  title={Climate change 2014: synthesis report. Contribution of Working Groups I, II and III to the fifth assessment report of the Intergovernmental Panel on Climate Change},
  author={Pachauri, Rajendra K and Allen, Myles R and Barros, Vicente R and Broome, John and Cramer, Wolfgang and Christ, Renate and Church, John A and Clarke, Leon and Dahe, Qin and Dasgupta, Purnamita and others},
  year={2014},
  publisher={IPCC}
}

%Não usei ainda - artigo que estuda o mapeamento com sonar
@article{sarrionandia2015underwater,
  title={Underwater mapping using sonar},
  author={Sarrionandia de León, Aridane Jesús},
  journal={Proceedings of the National Academy of Sciences},
  year={2015}
}

%Livro que mostra as diferentes velocidades de propagação do som
@book{halliday2008fundamentals,
    author={David Halliday, Jearl Walker, Robert Resnick},
    title={Fundamentals of Physics},
    year={2008},
    volume={8ª},
    publisher={LTC},
    edition={8ª}
}

%Imagem que ilustra o funcionamento do sonar
@online{wiora2010sonarradar,
  author = {Georg Wiora},
  title = {Principle of a sonar or radar distance measurement},
  year = 2010,
  url = {https://pt.wikipedia.org/wiki/Ficheiro:Sonar_Principle_pt-BR.svg},
  note = {Acessado em 20 de maio de 2018.}
}

%Livro com os princípios do funcionamento do sonar MSIS
@book{ribas2010underwater,
  title={Underwater SLAM for structured environments using an imaging sonar},
  author={Ribas, David and Ridao, Pere and Neira, Jos{\'e}},
  volume={65},
  year={2010},
  publisher={Springer}
}

%Livro onde foi retirada a tabela de relação entre frequência e alcance
@book{christ2013rov,
  title={The ROV manual: a user guide for remotely operated vehicles},
  author={Christ, Robert D and Wernli Sr, Robert L},
  year={2013},
  publisher={Butterworth-Heinemann}
}

%Artigo sobre o princípio do sensoriamento remoto
@article{meneses2012introduccao,
  title={Introdu{\c{c}}{\~a}o ao processamento de imagens de sensoriamento remoto},
  author={Meneses, Paulo Roberto and Almeida, T de and others},
  journal={Bras{\'\i}lia: UNB/CNPq},
  year={2012}
}

%Livro que fala sobre o princípio do sensoriamento remoto
@article{kerle2004principles,
  title={Principles of remote sensing},
  author={Kerle, Norman and Janssen, Lucas LF and Huurneman, Gerrit C},
  journal={ITC, Educational textbook series},
  volume={2},
  pages={250},
  year={2004}
}

%Imagem MSIS de exemplo
@inproceedings{ribas2006slam,
  title={SLAM using an imaging sonar for partially structured underwater environments},
  author={Ribas, David and Ridao, Pere and Neira, Jose and Tardos, Juan D},
  booktitle={Intelligent Robots and Systems, 2006 IEEE/RSJ International Conference on},
  pages={5040--5045},
  year={2006},
  organization={IEEE}
}

%Paper do UUV Simulator
@inproceedings{manhaes2016uuv,
    title = {{UUV} Simulator: A Gazebo-based package for underwater intervention and multi-robot simulation},
	doi = {10.1109/oceans.2016.7761080},
	year = {2016},
	month = {Setembro},
	publisher = {IEEE},
	author = {Musa Morena Marcusso Manh{\~{a}}es and Sebastian A. Scherer and Martin Voss and Luiz Ricardo Douat and Thomas Rauschenbach},
	booktitle = {{OCEANS} 2016 {MTS}/{IEEE} Monterey}
}

%TCC do Lucas Longaray
@article{longaray2017,
  title={Desenvolvimento de datasets simulados em ambientes subaquáticos para uso em aplicações de deep learning},
  author={Lucas Mirapalheta Longaray},
  year = {2017}
}

%Artigo que aborda a nuvem de pontos com MSIS
@inproceedings{dong2017underwater,
  title={Underwater 3D Reconstruction Based on Geometric Transformation of Sonar and Depth Information},
  author={Dong, Mingjie and Chou, Wusheng and Yao, Guodong},
  booktitle={IOP Conference Series: Materials Science and Engineering},
  volume={261},
  number={1},
  pages={012014},
  year={2017},
  organization={IOP Publishing}
}

%Artigo sobre remoção de ruídos em nuvem de pontos
@inproceedings{arvanitis2017real,
  title={Real-Time Removing of Outliers and Noise in 3D Point Clouds Applied in Robotic Applications},
  author={Arvanitis, Gerasimos and Lalos, Aris S and Moustakas, Konstantinos and Fakotakis, Nikos},
  booktitle={International Conference on Interactive Collaborative Robotics},
  pages={11--19},
  year={2017},
  organization={Springer}
}

%Artigo sobre o simulador do sonar MSIS
@article{cerqueira2016gpu,
  title={Custom Shader and 3D Rendering for computationally efficient Sonar Simulation},
  author={Cerqueira, R{\^o}mulo and Trocoli, Tiago and Neves, Gustavo and Oliveira, Luciano and Joyeux, Sylvain and Albiez, Jan and Center, Robotics Innovation},
  year={2016},
  journal={SIBIGRAPI 2016}
}

%Dissertação do Machado que descreve a imagem acústica
@article{machado2017descriccao,
  title={Descri{\c{c}}ao e detec{\c{c}}ao de regioes subaqu{\'a}ticas parcialmente estruturadas em imagens ac{\'u}sticas adquiridas por um sonar de imageamento frontal},
  author={Machado, Matheus and Drews-Jr, Paulo and Botelho, Silvia},
  year={2017}
}

%Artigo sobre reconstrução 3D com pcl
@inproceedings{jenke2006bayesian,
  title={Bayesian point cloud reconstruction},
  author={Jenke, Philipp and Wand, Michael and Bokeloh, Martin and Schilling, Andreas and Stra{\ss}er, Wolfgang},
  booktitle={Computer Graphics Forum},
  volume={25},
  number={3},
  pages={379--388},
  year={2006},
  organization={Wiley Online Library}
}

%Artigo sobre a PCL
@InProceedings{rusu2011pcl,
  author    = {Radu Bogdan Rusu and Steve Cousins},
  title     = {{3D is here: Point Cloud Library (PCL)}},
  booktitle = {{IEEE International Conference on Robotics and Automation (ICRA)}},
  month     = {May 9-13},
  year      = {2011},
  address   = {Shanghai, China}
}

%Repositório do Github da API da PCL para Python
@misc{strawlab2012,
  author = {Andrew Straw},
  title = {python-pcl},
  year = {2012},
  publisher = {GitHub},
  journal = {Repositório GitHub},
  howpublished = {\url{https://github.com/strawlab/python-pcl}},
  commit = {ba8627a7d8ac30513d12e9a8b8a69db041c71ffc}
}

%Artigo que contém a imagem do VoxelGrid Filter
@unknown{munaro2012tracking,
author = {Munaro, Matteo and Basso, Filippo and Menegatti, Emanuele},
year = {2012},
month = {10},
pages = {2101-2107},
title = {Tracking people within groups with RGB-D data},
isbn = {978-1-4673-1737-5},
booktitle = {Proceedings of the ... IEEE/RSJ International Conference on Intelligent Robots and Systems. IEEE/RSJ International Conference on Intelligent Robots and Systems}
}

%Aritgo sobre o Moving Least Squares (MLS)
@article{levin1998mls,
 author = {Levin, David},
 title = {The Approximation Power of Moving Least-squares},
 journal = {Math. Comput.},
 issue_date = {Oct. 1998},
 volume = {67},
 number = {224},
 month = oct,
 year = {1998},
 issn = {0025-5718},
 pages = {1517--1531},
 numpages = {15},
 url = {http://dx.doi.org/10.1090/S0025-5718-98-00974-0},
 doi = {10.1090/S0025-5718-98-00974-0},
 acmid = {301704},
 publisher = {American Mathematical Society},
 address = {Boston, MA, USA},
} 

%Artigo da imagem do filtro MLS
@article{ridel2015mls,
  TITLE = {{Parabolic-cylindrical moving least squares surfaces}},
  AUTHOR = {Ridel, Brett and Guennebaud, Gael and Reuter, Patrick and Granier, Xavier},
  URL = {https://hal.inria.fr/hal-01169572},
  JOURNAL = {{Computers and Graphics}},
  PUBLISHER = {{Elsevier}},
  PAGES = {7},
  YEAR = {2015},
  DOI = {10.1016/j.cag.2015.05.006},
  KEYWORDS = {mls ; moving ; least ; squares ; reconstruction ; 3D ; developable ; parabolic-cylinder ; parabolic ; cylinder},
  PDF = {https://hal.inria.fr/hal-01169572/file/main.pdf},
  HAL_ID = {hal-01169572},
  HAL_VERSION = {v2},
}

%Triangulação de Delaunay
@article{delaunay1934sphere,
  title={Sur la sphere vide},
  author={Delaunay, Boris and others},
  journal={Izv. Akad. Nauk SSSR, Otdelenie Matematicheskii i Estestvennyka Nauk},
  volume={7},
  number={793-800},
  pages={1--2},
  year={1934}
}

%Artigo da imagem da Triangulação de Delaunay
@article{piteri2007triangulacao,
  title={Triangula{\c{c}}{\~a}o de Delaunay e o princ{\'\i}pio de inser{\c{c}}{\~a}o randomizado},
  author={Piteri, Marco Ant{\^o}nio and JUNIOR, MESSIAS MENEGUETTE},
  journal={II Simp{\'o}sio Brasileiro de Geom{\'a}tica-V Col{\'o}quio Brasileiro de Ci{\^e}ncias Geod{\'e}sicas, Presidente Prudente-SP},
  pages={9},
  year={2007}
}

%Livro sobre geometria computacional
@book{berg2008computational,
  title={Computational geometry: algorithms and applications},
  author={Berg, Mark de and Cheong, Otfried and Kreveld, Marc van and Overmars, Mark},
  year={2008},
  publisher={Springer-Verlag TELOS}
}